@article{shell1,
  title   = {A High-Speed Sorting Procedure},
  author  = {Frank, R. M.; Lazarus, R. B.},
  journal = {Communications of the ACM},
  pages   = {20–22},
  year    = {1960}
}

@article{shell2,
  title   = {A New Upper Bound for Shellsort},
  author  = { Sedgewick, Robert },
  journal = {Journal of Algorithms},
  pages   = {159–173},
  year    = {1986}
}